2726 4986
446 379 834 464 annectamus.
897 391 904 408 “
1109 377 1196 460 iss

111 541 135 628 l.
157 539 183 610 1.
204 537 398 618 Aeschinis:
422 563 539 608 raro.
562 563 622 608 aue
643 563 731 610 more
752 555 820 608 non
841 538 972 614 dubiam
1000 539 1065 608 eibi
1085 539 1176 612 visus
1256 599 1265 618 .
1296 578 1298 583 .

108 628 278 696 censuram
311 649 405 718 agere
429 627 528 695 dect.
550 625 640 716 'dyst
669 651 699 693 c.
728 627 765 694 6.
797 649 832 717 p.
855 627 939 695 695.
972 625 1176 718 ¹Sophistuc

109 709 300 790 Orationem
327 737 397 786 esse
418 713 542 800 statuit,
564 715 626 804 qui
639 712 756 806 ‘iisdem
776 711 961 801 peremnia
982 737 1084 803 poene
1102 737 1174 780 ver·

106 798 160 868 his
178 797 292 880 lecum
306 799 532 884 emendicant,
573 823 613 866 ex
634 798 701 864 {ine
720 797 888 865 Orationis
909 797 1110 866 Aeschinene
1131 802 1173 868 de
1215 799 1217 806 ’

105 886 263 964 ensentitu
283 885 456 977 legatione,
482 883 662 974 descriptis,
685 883 734 950 nti
755 883 805 968 lit,
827 906 884 974 per
906 907 990 949 eram
1010 884 1177 976 quae‘hn-'

98 969 160 1058 jus
182 981 283 1040 nant.
328 971 561 1039 Valckenaerie
591 981 702 1038 centra
721 981 867 1038 accurate
939 981 971 1036 ta
987 969 1172 1040 Andocidis

103 1081 177 1126 esse
196 1057 384 1144 ridebatur,
406 1057 504 1142 idem,
530 1056 649 1146 inquit,
673 1057 852 1150 trepontum,
869 1057 955 1122 idem
969 1057 1171 1124 elucetscri·

104 1141 206 1210 bardi
229 1143 334 1228 celer,
394 1141 504 1211 Etiam
535 1163 712 1208 wnssun.
741 1143 787 1208 od
804 1142 906 1208 Diod.
931 1139 1000 1210 Sto.
1021 1141 1065 1208 h.
1089 1131 1168 1210 ΧΠ.

102 1252 135 1298 c.
158 1230 196 1318 8.
218 1239 251 1296 et
270 1251 424 1296 neuun.
447 1229 482 1294 in
503 1226 635 1294 Hister.
659 1227 743 1316 Crit.
769 1227 866 1294 Orat.
890 1225 952 1294 Gr.
975 1251 1008 1318 p.
1032 1229 1092 1294 52.
1113 1233 1175 1296 ex·'

102 1315 168 1382 scri
191 1324 260 1386 tum
280 1314 322 1390 ab
341 1313 505 1382 Aeschine
524 1325 655 1380 censent
676 1313 891 1381 Andocidem.
937 1313 998 1380 sie
1018 1337 1167 1380 nrsran

102 1401 141 1468 in
197 1425 225 1467 r.
255 1401 296 1468 ele
324 1400 430 1472 Bonis
450 1399 682 1488 Aristophanis
713 1399 919 1488 descripsisse
943 1398 1167 1468 Andocidiarn

43 1568 45 1574 Ι
101 1485 145 1552 de
167 1487 340 1575 mysteriis
363 1484 565 1568 Orationem,
593 1487 662 1590 ipse
683 1485 907 1552 animadvertit
929 1507 1046 1552 rare.
1071 1485 1175 1579 leda

101 1571 358 1740 1151113116Ζῇ
372 1571 763 1747 ntlddulilexlpdcsddeditdbudt
773 1569 1094 1748 ldbhldldssddldeud,
1109 1569 1164 1721 dd-

99 1768 183 1834 gans
204 1767 240 1810 se
261 1766 412 1848 umquam
436 1743 558 1808 alienos
579 1765 704 1832 pannos
725 1741 933 1826 adsumsissc,
976 1741 1164 1834 uenlvereri

99 1853 137 1898 se
157 1829 214 1916 ait,
239 1853 298 1896 sua
316 1853 422 1920 ipsum
445 1828 529 1894 dicta
549 1841 701 1916 repetere,
724 1825 837 1914 „doeio
856 1825 936 1902 code
956 1825 1073 1903 ἄλλους
1093 1839 1165 1900 eote

99 1921 197 2006 ἐμοῖς
208 1916 435 2018 χριιιμιίιους,“ι
456 1915 501 1979 od
522 1914 664 2004 Philipp.
688 1938 722 2004 p.
741 1915 820 1980 101.
842 1911 872 2006 §.
886 1916 946 1981 91.
982 1911 1084 1983 'Nihil
1099 1911 1173 2002 igi.-

97 2011 154 2068 tur
174 2025 310 2084 mirum,
343 2001 371 2066 si
393 1999 549 2090 posterior
568 2011 668 2066 aetate
688 1999 869 2066 Aeschines
890 1999 1073 2065 vetustioris
1088 1997 1161 2064 An·

98 2087 226 2154 decidis
248 2085 321 2152 loco
345 2086 388 2152 sit
415 2107 514 2170 usne,¹
555 2109 660 2176 neque
684 2109 720 2151 ea
747 2085 823 2150 satis
846 2085 960 2151 idenea
982 2094 1146 2152 causaest

96 2197 159 2242 ctu·
176 2168 396 2244 Andociddam
419 2197 438 2236 a
451 2171 498 2240 So
521 2171 605 2238 hista
619 2171 830 2262 conscriptam
837 2169 1031 2273 judicemus.
1058 2133 1159 2259 'Quod

99 2257 189 2326 siin
213 2257 374 2324 historicis
395 2270 477 2324 erret
499 2193 630 2340 beator,
657 2257 744 2322 haud
764 2277 813 2321 ma
841 2281 867 2322 rs
887 2257 923 2322 id
943 2275 981 2320 ee
998 2251 1094 2340 valet,'
1121 2261 1219 2321 utros

96 2343 266 2414 Andocidi
294 2343 408 2412 Oratio
438 2343 649 2429 abjudicetur,
694 2341 752 2431 qui
778 2281 858 2408 alibi
886 2341 982 2407 etiam
1007 2339 1159 2406 historica

8 2503 9 2508 γ
96 2427 282 2498 confundit.
326 2428 426 2518 Quod
445 2451 521 2494 vero
544 2428 651 2506 eadem
664 2427 844 2518 Aeschines
865 2427 1007 2506 brevius,
1028 2425 1172 2516 longius¹

95 2515 288 2585 Andocides·
307 2513 416 2598 dicit,
447 2514 482 2580 id
503 2514 640 2580 maxime
658 2523 769 2579 centra
789 2513 972 2602 Tnplerum'
988 2513 1092 2596 facere
1109 2513 1157 2579 vi·

96 2602 211 2688 detur,
236 2601 339 2692 magis
360 2601 446 2666 enirn
469 2600 511 2684 is,
532 2600 590 2690 qui
611 2598 781 2681 exscribit,
810 2599 995 2666 contrahere
1015 2599 1159 2688 priorum

96 2687 196 2773 dicta,
217 2711 314 2776 quam
335 2687 410 2752 stile
424 2709 548 2775 ‘surgere
569 2685 661 2764 solet,
727 2683 844 2787 lqitur,
867 2684 895 2749 si
916 2685 1095 2752 Aeschines
1112 2685 1157 2749 la·

94 2773 187 2840 cinia
201 2771 395 2840 Andociden
410 2795 477 2837 non
499 2771 641 2860 petuisse
662 2769 711 2834 uti
730 2769 887 2854 vedeatur,
906 2767 1044 2860 «magis,
1060 2769 1095 2836 in
1115 2769 1156 2834 il·

94 2859 162 2924 lam
181 2857 397 2962 propendebat
419 2855 606 2922 sententiam
628 2855 762 2939 Valclc,
802 2867 840 2921 ut
866 2879 934 2920 eam
955 2854 1156 2922 Aescbiueae
1183 2851 1187 2860 ’

94 2941 249 3012 Orationi
271 2943 312 3010 ab
332 2943 396 3016 ado
417 2944 562 3008 adsutam
581 2941 795 3008 arbitraretur.
841 2939 940 3030 Quod
961 2943 990 3006 si
1010 2941 1155 3008 Andoci-

94 3029 153 3096 des
174 3027 324 3115 historica
344 3029 538 3114 cenirrderit,
560 3027 644 3106 hand
666 3026 832 3092 insolitum
853 3027 936 3092 illud
957 3026 1058 3092 luisse
1072 3025 1154 3094 Ora·

93 3115 220 3184 teribus
233 3113 353 3182 Atticis
374 3113 654 3200 animadvertebat,
675 3136 749 3178 cum
772 3125 804 3179 et
817 3111 979 3182 Caecilius
1000 3135 1155 3179 asurna

8 3257 9 3260 ,
93 3225 131 3269 v.
152 3201 323 3276 Καικίλιος
344 3201 511 3290 scripsisse
539 3199 662 3264 dicatur
683 3198 758 3286 περὶ
779 3201 846 3268 reio
866 3195 944 3268 καθ’
964 3200 1112 3287 ἱστορίαν
1131 3196 1155 3286 ἦ

92 3283 174 3376 παρ’
193 3287 343 3374 ἱστορίαν
362 3285 545 3372 eloquerer
565 3300 635 3362 τοῖς
652 3281 798 3374 ῥήτορσι.
839 3286 1036 3378 Praecipuus
1048 3298 1154 3354 aetem

95 3371 245 3440 oratoris
267 3395 354 3438 error
375 3383 435 3460 est,
461 3369 549 3460 qued
569 3370 748 3452 Miltiadem
770 3371 946 3438 laudaverit
967 3375 1054 3463 pacis
1078 3396 1154 3437 curn

92 3457 334 3528 Lacedaemone
354 3469 527 3539 erectorem,
555 3456 699 3548 quinon
721 3456 884 3525 Miltiades
907 3457 983 3542 fuit,
1017 3457 1080 3524 sed.
1095 3456 1152 3524 Gi·

92 3568 191 3630 mon,
225 3543 274 3610 uti
296 3556 417 3634 praeter
439 3543 580 3626 elieser
602 3564 716 3610 cona.
744 3564 829 3609 uer.
852 3542 887 3608 in
910 3541 992 3611 Vita
1013 3543 1096 3610 Cim.
1119 3567 1150 3610 c.
1222 3579 1224 3582 ·

92 3631 131 3696 5.
153 3641 293 3722 apparet.
337 3629 422 3695 Dcni
447 3651 504 3713 uc,
538 3628 587 3694 uti
610 3629 645 3692 in
667 3627 822 3714 concione
842 3627 954 3732 pepuli
976 3627 1017 3694 ab
1038 3626 1162 3697 Ande·'
1235 3631 1239 3639 ’

91 3713 179 3796 cide
195 3716 339 3782 ¹habitam
367 3653 517 3804 pnthlhat,
559 3715 606 3780 sie
668 3738 737 3779 cem
757 3713 898 3804 intelligi
919 3716 1151 3806 suspicabatur,

92 3811 176 3892 qnae
195 3801 298 3892 prima
320 3799 384 3866 snit
403 3811 476 3890 post
494 3822 603 3867 mures
624 3739 789 3888 ddjectes„
820 3801 861 3866 de
912 3823 952 3867 ua
978 3802 1066 3867 conl.
1088 3825 1151 3866 xn-

91 3912 213 3954 neru.
237 3886 330 3952 Hett.
352 3887 393 3952 L.
409 3886 465 3980 ¹V.
484 3909 517 3976 p.
531 3887 621 3978 ⁴521.
646 3909 713 3975 seq.
728 3885 806 3976 edit.
822 3823 936 3976 steph.
980 3888 1152 3977 Pleraque,

139 3998 183 4052 ae:
209 3984 407 4062 sequuntur,
447 3970 598 4038 historica
626 3985 712 4038 reete
747 3995 817 4038 sese
834 3974 968 4039 'babere
986 3973 1153 4061 judicabat

130 4059 229 4140 alula,
252 4083 291 4124 ex
315 4055 506 4145 Thucydide
533 4069 565 4124 et
584 4059 684 4123 Diod.
709 4055 821 4124 Siculo
843 4059 1018 4149 probanda.
1063 4059 1151 4126 Hee-

89 4171 130 4212 ce
149 4145 214 4210 viri
241 4139 358 4209 summi
375 4143 558 4230 judicium,
592 4143 790 4232 quicumque
806 4141 995 4211 Orationem
1017 4144 1160 4235 diligen·'

90 4244 141 4298 ter
161 4229 294 4320 legerit,
326 4231 532 4320 probaturum
554 4230 715 4314 ιι1ιίιιοιιΙ
750 4229 897 4319 equidem
922 4255 957 4296 re
975 4233 1056 4298 heire
1082 4250 1213 4320 per-207
1274 4259 1276 4264 ·

87 4340 210 4413 penem
257 4340 358 4412 quum
390 4326 614 4383 errorores
634 4315 804 4406 sentirem,
846 4317 899 4384 his
918 4317 1097 4412 rationibus
1117 4319 1152 4384 in
