2710 4982
391 453 776 552 sunournnan.
1077 458 1127 534 m

61 613 237 706 judicibus,
278 617 314 685 in
336 619 620 724 snampperuioiem
642 621 687 688 ita
707 621 751 688 ait
769 619 941 704 mentitus,
983 629 1022 691 ut
1039 619 1123 712 alios

64 703 342 771 accusatos'fulsse
363 705 491 791 dixerut,
513 731 609 798 quam
631 707 689 796 qul
708 731 817 774 revera
838 707 978 793 luerint,
999 711 1122 794 cumei
1263 745 1264 755 ι

64 791 100 856 ad
118 793 178 856 hos
195 791 297 880 ipsos,
318 801 351 858 et
371 791 413 857 ad
433 815 502 877 eos,
524 793 583 882 qui
596 793 804 882 Magistratus
825 816 863 864 eo
885 804 1028 883 tempore
1047 817 1119 882 ges-

64 877 186 960 sissent,
209 899 277 942 nou
298 897 367 942 uno
387 877 459 942 loc‘o
480 889 644 968 provocet.
688 878 803 969 Neque
820 887 940 964 maren,
969 879 1120 970 quamvls

63 963 179 1028 diversa
198 961 240 1028 ab
260 960 443 1030 Andocidis
461 965 642 1030 narratione
664 965 858 1031 Plutarchus
879 963 1001 1048 tradat,
1046 975 1117 1050 tan·

63 1057 123 1114 tum
153 1049 217 1114 hoe
237 1047 416 1115 discrimen.
432 1072 505 1116 csse
523 1049 668 1135 ridetur,
707 1061 744 1117 ut
764 1051 854 1116 nulla
872 1050 995 1116 ratione
1013 1051 1117 1140 possit

62 1133 222 1224 componi,
266 1157 343 1200 nam
354 1135 466 1238 primo
489 1135 639 1228 quidem,
666 1136 876 1226 'Polytionem
897 1159 968 1204 esse
987 1159 1117 1220 accusa.-¹

61 1229 133 1304 tum,
159 1220 256 1310 *quasi
278 1220 366 1288 domu
385 1220 474 1288 illius
496 1231 601 1325 (quac
621 1222 742 1290 eratin
762 1219 903 1309 Ἑρμῶν
921 1221 1016 1310 στοᾷ,
1044 1221 1114 1290 vid.

59 1327 217 1376 rsusan.
238 1305 314 1408 Ati.
342 1329 377 1396 p.
399 1309 458 1412 7.)
482 1307 608 1373 facrnus
637 1319 722 1408 esset
747 1307 968 1412 commissum,
1003 1329 1114 1398 quam·

87 1392 1115 1564 ,talffiffl‘dttlbttj'ttastitit&tttttl

58 1575 223 1630 memorata
264 1563 347 1630 illud
367 1587 444 1630 uero
470 1576 547 1632 cum
565 1563 739 1634 Andocide
761 1565 928 1646 confirmat
947 1585 1111 1630 rsonae·

58 1671 122 1715 res
152 1651 195 1716 tle
214 1651 310 1741 Bipia
329 1673 363 1741 p.
387 1650 473 1716 548.
495 1648 526 1742 fi.
549 1651 585 1716 6.
651 1649 780 1717 Deinde
801 1650 1010 1726 Theodorum
1031 1649 1112 1716 Plu·

57 1739 178 1802 archus
198 1735 282 1801 inter
305 1759 359 1802 eos
380 1745 556 1822 enumerat,
587 1735 645 1826 qui
665 1737 706 1802 de
725 1737 762 1806 Μ
784 1735 890 1808 storiis
910 1737 1043 1816 inerunt
1060 1758 1112 1806 ac·

56 1822 171 1908 casati,
211 1843 313 1912 quum
333 1821 527 1888 Hermaeum
546 1821 668 1890 crimen
688 1823 724 1890 in
744 1759 839 1888 illum
861 1819 1032 1889 translerm
1049 1842 1112 1886 Διι-

56 1929 227 1974 noernns
249 1903 282 2012 β.
297 1907 358 1973 55.
401 1906 450 1974 At
469 1931 546 1974 vero
565 1907 644 2012 quid
658 1906 702 1972 im
745 1908 793 1974 dit
807 1906 1110 1999 ‚gnominusutrius-
1136 1937 1173 1998 Μ

94 1993 278 2060 eerimims
296 2015 386 2060 reum
410 1993 531 2059 factum
551 1992 694 2060 dicamus
742 1993 828 2062 Nam
846 2001 1112 2080 etaccnsatornm

55 2013 224 2146 ddhtiones
249 2101 451 2170 nequaqnam
476 2079 561 2145 inter
582 2102 618 2144 se
637 2079 846 2164 convenisse,
888 2079 1010 2171 etipsa
1028 2102 1113 2170 quae

55 2173 124 2230 sunt
151 2163 239 2256 apud
265 2163 470 2231 Andocidem
501 2165 646 2252 exempla
672 2165 828 2255 probant,
874 2175 908 2250 et
940 2164 1031 2232 testis
1062 2173 1112 2230 est

54 2272 320 2318 rnnrancnus
348 2274 392 2340 pa
405 2250 489 2318 201.
511 2275 543 2316 n.
587 2253 692 2317 Porro
719 2251 808 2343 quod
835 2247 1023 2318 Andocides
1043 2247 1110 2337 1²5-

54 2335 213 2404 thonicum
233 2336 375 2426 primum
395 2335 473 2402 lacit
491 2347 725 2422 accusatorem,
760 2335 958 2403 Androclem
982 2335 1110 2400 Plutar-

53 2423 137 2506 chus,
160 2421 196 2488 id
217 2421 262 2488 ita
282 2421 419 2488 rorasse
438 2421 548 2506 fuerit,
568 2431 605 2488 ut
617 2422 820 2511 Pythonicns
862 2421 963 2486 rlmns
982 2421 1018 2487 in
1032 2443 1118 2487 eon··

51 2445 1111 2685 mtrrtrcstttlttust

53 2679 81 2766 pl
99 2679 168 2750 τῶν
187 2707 215 2769 μ
238 2617 368 2790 adspirat
385 2713 430 2729 -
447 2617 684 2786 rippeolfitimoo
703 2673 797 2751 οὗτοι
817 2703 856 2748 τι
876 2685 908 2747 ot
927 2642 1112 2767 malcas,

52 2788 108 2844 sec,
127 2764 185 2834 sul
249 2774 410 2836 voratum
430 2788 566 2852 φασκων
585 2765 716 2850 πρῶτος
736 2767 932 2855 εἱςαγγεῖλαι
948 2764 1004 2832 sol
1020 2759 1106 2835 Ἀν-

52 2849 183 2939 δροπλῆς
201 2849 287 2937 cirtio
308 2851 369 2936 τῆς
385 2853 519 2940 βουλῆς.
560 2849 662 2926 Hunc
685 2859 791 2916 autem
855 2848 1016 2920 tissimum
1041 2871 1107 2914 me-

52 2949 145 3003 morat
167 2937 376 3018 Plutarchus,
406 2957 472 3038 qno
492 2934 610 3002 clarius
630 2945 777 3040 appareat
796 2874 973 3002 drinonis
996 2933 1108 3000 odium

52 3021 329 3104 inAleibiadem,
368 3044 423 3087 cur
453 3021 643 3090 acerrimum
673 3021 768 3088 ullum
794 3021 919 3087 hostem
942 3020 1044 3086 fuisse
1063 3019 1110 3086 ait

51 3130 77 3195 p.
95 3109 183 3175 900.
206 3129 239 3173 n.
282 3107 378 3172 lllam
398 3129 475 3173 vero
495 3107 734 3174 accusationum
753 3106 992 3173 multitudinem
1008 3115 1040 3172 et
1053 3127 1108 3170 va-

50 3193 188 3261 rietatem
204 3203 271 3258 non
292 3192 451 3284 estquod
470 3192 634 3260 miremur.
678 3191 844 3262 Credibile
863 3205 913 3260 est
932 3191 1020 3260 enim
1041 3213 1111 3258 uon

52 3287 168 3346 lantum
190 3278 373 3347 Alcibiadis
394 3279 639 3362 obtrectatores,
661 3301 744 3370 quos
763 3277 939 3370 permultos
958 3277 1108 3361 hahebat,

52 3365 103 3432 sed
119 3365 203 3432 alios
225 3363 341 3448 etiam,
382 3363 503 3456 quibus
524 3387 636 3453 graves
658 3375 766 3432 essent
785 3364 992 3448 inimicitiae,
1033 3362 1109 3427 illos

51 3449 176 3518 infimae
202 3449 398 3516 conditionis
426 3449 573 3518 homines
593 3451 795 3541 corrupisse,
832 3461 869 3516 ut
888 3450 942 3517 vel
961 3447 1107 3516 Alcibia-

51 3536 138 3624 dem,
183 3535 236 3602 uel
264 3557 349 3638 quos
371 3535 439 3628 ipsi
456 3535 595 3642 vellent,
639 3537 790 3603 inimicos
813 3559 889 3602 suos
909 3542 1109 3618 accusarent,
1133 3615 1136 3620 Δ

52 3645 117 3687 rum
136 3625 199 3688 hac
219 3629 342 3687 retrone
362 3621 515 3689 facillime
531 3643 567 3686 se
583 3623 658 3689 rllos
674 3646 744 3688 csse
755 3622 936 3712 perdituros
948 3619 1106 3688 viderent.

51 3705 111 3774 Sed
129 3718 203 3774 tum
222 3706 353 3801 quidem
373 3705 590 3796 Alcibiadem,
611 3709 825 3799 postulantem
845 3716 883 3774 nt
903 3707 944 3771 de
982 3709 1110 3771 raesen-¹

50 3793 207 3861 tesmtim
227 3794 372 3896 quaestio
387 3793 577 3875 traheretur,
609 3793 698 3884 quod
718 3793 827 3860 noceri
836 3807 942 3945 1posse
960 3729 1019 3858 les
1094 3825 1108 3843 -

49 3876 133 3966 bant,
156 3878 283 3946 ibimrci
303 3879 511 3962 dimiserunt,
551 3901 593 3946 nc
614 3879 736 3948 scilicet
757 3901 836 3968 expe
858 3879 916 3945 itio
935 3889 1019 3944 rctar
1058 3899 1107 3942 rc·
1193 3941 1198 3952 ,

49 3973 112 4032 tura
155 3965 321 4031 abmnnm
348 3965 512 4038 criminari
536 3989 605 4032 non
625 3967 824 4032 destiterunt.
889 3963 1108 4054 Qno‘lectum
1131 3971 1168 4030 62

50 4049 287 4202 iliada?
305 4047 1106 4206 lili·llihidiffiiihiiiffiiiaiiii'

49 4217 210 4288 luminium
231 4233 381 4312 secutus,
411 4163 485 4290 clem
508 4158 885 4316 Thuriosppiervenisset,
928 4223 1011 4290 clam
1033 4243 1068 4287 se
1088 4245 1108 4286 a

49 4307 234 4374 custodibus
255 4307 424 4398 subduxit,
451 4310 489 4376 in
509 4310 772 4402 Peloponnesum
791 4309 928 4397 trajecit,
952 4307 1109 4376 Lacedae-

50 4409 176 4460 monem
195 4417 231 4461 se
251 4396 410 4480 eontulit,
452 4395 511 4462 nbi
538 4398 657 4487 patriae
679 4397 868 4500 civibusque
896 4395 964 4462 suis
985 4403 1109 4457 natum

50 4479 174 4568 nocuit,
205 4493 361 4573 quntum
383 4492 416 4558 et
435 4480 472 4552 in
492 4483 620 4572 Sicilia,
650 4495 682 4552 et
704 4482 856 4565 Athenis,
884 4480 1034 4572 prodesse
1053 4499 1108 4568 po·
